%% This BibTeX bibliography file was created using BibDesk.
%% http://bibdesk.sourceforge.net/

%% Created for Marcus Hwai Yik Tan at 2016-01-27 20:13:54 -0600 


%% Saved with string encoding Unicode (UTF-8) 



@article{Charalambous78,
	Author = {C. Charalambous and A. R. Conn},
	Date-Added = {2016-01-28 01:57:55 +0000},
	Date-Modified = {2016-01-28 02:13:38 +0000},
	Journal = {SIAM Journal on Numerical Analysis},
	Number = {1},
	Pages = {162-187},
	Title = {An efficient method to solve the minimax problem directly},
	Volume = {15},
	Year = {1978}}

@article{Waren67,
	Author = {Allan D. Waren and Leon S. Lasdon and Daniel F. Suchman},
	Date-Added = {2016-01-28 01:55:45 +0000},
	Date-Modified = {2016-01-28 01:57:43 +0000},
	Journal = {Proceedings of the IEEE},
	Number = {11},
	Pages = {1885-1897},
	Title = {Optimization in Engineering Design},
	Volume = {55},
	Year = {1967}}

@article{Messac03,
	Author = {A. Messac and A. Ismail-Yahaya and C. A. Mattson},
	Date-Added = {2016-01-28 01:42:40 +0000},
	Date-Modified = {2016-01-28 01:43:21 +0000},
	Journal = {Struct Multidisc Optim},
	Pages = {86-98},
	Title = {The normalized normal constraint method for generating the Pareto frontier},
	Volume = {25},
	Year = {2003}}

@article{Tan16,
	Author = {Marcus Hwai Yik Tan and Ahmad R. Najafi and Stephen J. Pety and Scott R. White and Philippe H. Geubelle},
	Date-Added = {2016-01-22 17:01:02 +0000},
	Date-Modified = {2016-01-22 17:04:19 +0000},
	Journal = {In preparation for Int J Heat Mass Transfer},
	Title = {Gradient-based design of actively-cooled microvascular composite panels},
	Year = {2016}}

@article{Najafi15,
	Author = {Ahmad R. Najafi and Masoud Safdari and Daniel A. Tortorelli and Philippe H. Geubelle},
	Journal = {Comput. Methods Appl. Mech. Eng.},
	Owner = {marcustan},
	Pages = {1-17},
	Timestamp = {2015.02.26},
	Title = {A gradient-based shape optimization scheme using an interface-enriched generalized {FEM}},
	Volume = {296},
	Year = {2015}}

@article{Soghrati12_2D,
	Author = {Soheil Soghrati and Alejandro M. Arag{\'{o}}n and C. A. Duarte and Philippe H. Geubelle},
	Journal = {Int. J. Numer. Methods Eng.},
	Owner = {marcustan},
	Pages = {991-1008},
	Timestamp = {2013.12.26},
	Title = {An interface-enriched generalized {FEM} for problems with discontinuous gradient fields},
	Volume = {89},
	Year = {2012}}

@article{Soghrati12_3D,
	Author = {Soheil Soghrati and Philippe H. Geubelle},
	Journal = {Comput. Methods Appl. Mech. Eng.},
	Owner = {marcustan},
	Pages = {46-57},
	Timestamp = {2013.12.26},
	Title = {A {3D} interface-enriched generalized finite element method for weakly discontinuous problems with complex internal geometries},
	Volume = {217-220},
	Year = {2012}}

@article{Tan15,
	Author = {Marcus H. Y. Tan and Masoud Safdari and Ahmad R. Najafi and Philippe H. Geubelle},
	Journal = {Comput. Methods Appl. Mech. Eng.},
	Owner = {marcustan},
	Pages = {1382-1400},
	Timestamp = {2015.02.26},
	Title = {A {NURBS}-based interface-enriched generalized finite element scheme for the thermal analysis and design of microvascular composites},
	Volume = {283},
	Year = {2015}}
